@article{kohn1965,
  title = {Self-Consistent Equations Including Exchange and Correlation Effects},
  author = {Kohn, W. and Sham, L. J.},
  journal = {Phys. Rev.},
  volume = {140},
  issue = {4A},
  pages = {A1133--A1138},
  numpages = {0},
  year = {1965},
  month = {Nov},
  publisher = {American Physical Society},
  doi = {10.1103/PhysRev.140.A1133},
  url = {https://link.aps.org/doi/10.1103/PhysRev.140.A1133}
}

@article{hohenberg1964,
  title = {Inhomogeneous Electron Gas},
  author = {Hohenberg, P. and Kohn, W.},
  journal = {Phys. Rev.},
  volume = {136},
  issue = {3B},
  pages = {B864--B871},
  numpages = {0},
  year = {1964},
  month = {Nov},
  publisher = {American Physical Society},
  doi = {10.1103/PhysRev.136.B864},
  url = {https://link.aps.org/doi/10.1103/PhysRev.136.B864}
}

@article{perdew1981,
  title = {Self-interaction correction to density-functional approximations for many-electron systems},
  author = {Perdew, J. P. and Zunger, Alex},
  journal = {Phys. Rev. B},
  volume = {23},
  issue = {10},
  pages = {5048--5079},
  numpages = {0},
  year = {1981},
  month = {May},
  publisher = {American Physical Society},
  doi = {10.1103/PhysRevB.23.5048},
  url = {https://link.aps.org/doi/10.1103/PhysRevB.23.5048}
}

@article{ceperley1980,
  title = {Ground State of the Electron Gas by a Stochastic Method},
  author = {Ceperley, D. M. and Alder, B. J.},
  journal = {Phys. Rev. Lett.},
  volume = {45},
  issue = {7},
  pages = {566--569},
  numpages = {0},
  year = {1980},
  month = {Aug},
  publisher = {American Physical Society},
  doi = {10.1103/PhysRevLett.45.566},
  url = {https://link.aps.org/doi/10.1103/PhysRevLett.45.566}
}

@article{bardeen1957,
  title = {Theory of Superconductivity},
  author = {Bardeen, J. and Cooper, L. N. and Schrieffer, J. R.},
  journal = {Phys. Rev.},
  volume = {108},
  issue = {5},
  pages = {1175--1204},
  numpages = {0},
  year = {1957},
  month = {Dec},
  publisher = {American Physical Society},
  doi = {10.1103/PhysRev.108.1175},
  url = {https://link.aps.org/doi/10.1103/PhysRev.108.1175}
}

@article{weinberg1967,
  title = {A Model of Leptons},
  author = {Weinberg, Steven},
  journal = {Phys. Rev. Lett.},
  volume = {19},
  issue = {21},
  pages = {1264--1266},
  numpages = {0},
  year = {1967},
  month = {Nov},
  publisher = {American Physical Society},
  doi = {10.1103/PhysRevLett.19.1264},
  url = {https://link.aps.org/doi/10.1103/PhysRevLett.19.1264}
}
